@article{einstein1905,
  author  = {Einstein, Albert},
  title   = {Zur Elektrodynamik bewegter KÃ¶rper},
  journal = {Annalen der Physik},
  volume  = {322},
  number  = {10},
  pages   = {891--921},
  year    = {1905}
}

@book{lamport1994,
  author    = {Leslie Lamport},
  title     = {LaTeX: A Document Preparation System},
  publisher = {Addison-Wesley},
  year      = {1994},
  edition   = {2}
}
